%YAML 1.1
%TAG !u! tag:unity3d.com,2011:
--- !u!1 &617059399527151029
GameObject:
  m_ObjectHideFlags: 0
  m_CorrespondingSourceObject: {fileID: 0}
  m_PrefabInstance: {fileID: 0}
  m_PrefabAsset: {fileID: 0}
  serializedVersion: 6
  m_Component:
  - component: {fileID: 6754622133176192305}
  - component: {fileID: 4311939461635006838}
  - component: {fileID: 6811236235069488348}
  - component: {fileID: 7361233242928956284}
  - component: {fileID: 3484309291592337568}
  - component: {fileID: 9076160026114636329}
  - component: {fileID: 8848031758773879052}
  - component: {fileID: 8690784443648260627}
  - component: {fileID: 2605425680992591630}
  m_Layer: 0
  m_Name: Platonic
  m_TagString: Untagged
  m_Icon: {fileID: 0}
  m_NavMeshLayer: 0
  m_StaticEditorFlags: 0
  m_IsActive: 0
--- !u!4 &6754622133176192305
Transform:
  m_ObjectHideFlags: 0
  m_CorrespondingSourceObject: {fileID: 0}
  m_PrefabInstance: {fileID: 0}
  m_PrefabAsset: {fileID: 0}
  m_GameObject: {fileID: 617059399527151029}
  m_LocalRotation: {x: 0, y: 0, z: 0, w: 1}
  m_LocalPosition: {x: 0, y: 0.000000061406, z: 0.0016479}
  m_LocalScale: {x: 0.16658153, y: 0.16658142, z: 0.16658153}
  m_Children:
  - {fileID: 6438316656881266005}
  - {fileID: 4849804900378517359}
  m_Father: {fileID: 6142623137354371369}
  m_RootOrder: 2
  m_LocalEulerAnglesHint: {x: 0, y: 0, z: 0}
--- !u!33 &4311939461635006838
MeshFilter:
  m_ObjectHideFlags: 0
  m_CorrespondingSourceObject: {fileID: 0}
  m_PrefabInstance: {fileID: 0}
  m_PrefabAsset: {fileID: 0}
  m_GameObject: {fileID: 617059399527151029}
  m_Mesh: {fileID: 4300000, guid: bb88669a3463b36438d9225a3ecd3a35, type: 3}
--- !u!23 &6811236235069488348
MeshRenderer:
  m_ObjectHideFlags: 0
  m_CorrespondingSourceObject: {fileID: 0}
  m_PrefabInstance: {fileID: 0}
  m_PrefabAsset: {fileID: 0}
  m_GameObject: {fileID: 617059399527151029}
  m_Enabled: 1
  m_CastShadows: 1
  m_ReceiveShadows: 1
  m_DynamicOccludee: 1
  m_MotionVectors: 1
  m_LightProbeUsage: 1
  m_ReflectionProbeUsage: 1
  m_RenderingLayerMask: 4294967295
  m_RendererPriority: 0
  m_Materials:
  - {fileID: 2100000, guid: 56848fd596f082a43844edfc0e7647ae, type: 2}
  m_StaticBatchInfo:
    firstSubMesh: 0
    subMeshCount: 0
  m_StaticBatchRoot: {fileID: 0}
  m_ProbeAnchor: {fileID: 0}
  m_LightProbeVolumeOverride: {fileID: 0}
  m_ScaleInLightmap: 1
  m_PreserveUVs: 0
  m_IgnoreNormalsForChartDetection: 0
  m_ImportantGI: 0
  m_StitchLightmapSeams: 0
  m_SelectedEditorRenderState: 3
  m_MinimumChartSize: 4
  m_AutoUVMaxDistance: 0.5
  m_AutoUVMaxAngle: 89
  m_LightmapParameters: {fileID: 0}
  m_SortingLayerID: 0
  m_SortingLayer: 0
  m_SortingOrder: 0
--- !u!65 &7361233242928956284
BoxCollider:
  m_ObjectHideFlags: 0
  m_CorrespondingSourceObject: {fileID: 0}
  m_PrefabInstance: {fileID: 0}
  m_PrefabAsset: {fileID: 0}
  m_GameObject: {fileID: 617059399527151029}
  m_Material: {fileID: 0}
  m_IsTrigger: 0
  m_Enabled: 1
  serializedVersion: 2
  m_Size: {x: 1.7013043, y: 1.7013046, z: 1.7013043}
  m_Center: {x: -0.00000047683716, y: -0.0000019073486, z: 0}
--- !u!114 &3484309291592337568
MonoBehaviour:
  m_ObjectHideFlags: 0
  m_CorrespondingSourceObject: {fileID: 0}
  m_PrefabInstance: {fileID: 0}
  m_PrefabAsset: {fileID: 0}
  m_GameObject: {fileID: 617059399527151029}
  m_Enabled: 1
  m_EditorHideFlags: 0
  m_Script: {fileID: 11500000, guid: 5afd5316c63705643b3daba5a6e923bd, type: 3}
  m_Name: 
  m_EditorClassIdentifier: 
  ShowTetherWhenManipulating: 0
--- !u!114 &9076160026114636329
MonoBehaviour:
  m_ObjectHideFlags: 0
  m_CorrespondingSourceObject: {fileID: 0}
  m_PrefabInstance: {fileID: 0}
  m_PrefabAsset: {fileID: 0}
  m_GameObject: {fileID: 617059399527151029}
  m_Enabled: 1
  m_EditorHideFlags: 0
  m_Script: {fileID: 11500000, guid: 23f9be7a3cb53794ead8b55e784b65aa, type: 3}
  m_Name: 
  m_EditorClassIdentifier: 
  targetObject: {fileID: 617059399527151029}
  boundsOverride: {fileID: 7361233242928956284}
  boundsCalculationMethod: 0
  activation: 4
  scaleMinimum: 0.2
  scaleMaximum: 2
  flattenAxis: 0
  flattenAxisDisplayScale: 0
  boxPadding: {x: 0, y: 0, z: 0}
  boxMaterial: {fileID: 2100000, guid: 4a9aae3094118f44593e7f8000e24c31, type: 2}
  boxGrabbedMaterial: {fileID: 2100000, guid: 7e4095c5609075846b657c8917aae797, type: 2}
  showWireframe: 1
  wireframeShape: 0
  wireframeMaterial: {fileID: 2100000, guid: ccd13293eae6cd2498077eae3f18df0d, type: 2}
  wireframeEdgeRadius: 0.001
  handleMaterial: {fileID: 2100000, guid: cd4f0804b166a5e4dbefe7a9d10a1438, type: 2}
  handleGrabbedMaterial: {fileID: 2100000, guid: bf37b5eab60b288498d02fd524325d10,
    type: 2}
  scaleHandlePrefab: {fileID: 0}
  scaleHandleSlatePrefab: {fileID: 0}
  scaleHandleSize: 0.016
  scaleHandleColliderPadding: {x: 0.016, y: 0.016, z: 0.016}
  rotationHandlePrefab: {fileID: 0}
  rotationHandleSize: 0.016
  rotateHandleColliderPadding: {x: 0.016, y: 0.016, z: 0.016}
  rotationHandlePrefabColliderType: 1
  showScaleHandles: 1
  showRotationHandleForX: 1
  showRotationHandleForY: 1
  showRotationHandleForZ: 1
  drawTetherWhenManipulating: 1
  proximityEffectActive: 1
  handleMediumProximity: 0.1
  handleCloseProximity: 0.03
  farScale: 1
  mediumScale: 1.1
  closeScale: 1.2
  farGrowRate: 0.3
  mediumGrowRate: 0.2
  closeGrowRate: 0.3
  handlesIgnoreCollider: {fileID: 0}
  debugText: {fileID: 0}
  hideElementsInInspector: 1
  RotateStarted:
    m_PersistentCalls:
      m_Calls:
      - m_Target: {fileID: 2605425680992591630}
        m_MethodName: PlayOneShot
        m_Mode: 2
        m_Arguments:
          m_ObjectArgument: {fileID: 8300000, guid: 765efbcf7ca1773488edcc8ab6ba4923,
            type: 3}
          m_ObjectArgumentAssemblyTypeName: UnityEngine.AudioClip, UnityEngine
          m_IntArgument: 0
          m_FloatArgument: 0
          m_StringArgument: 
          m_BoolArgument: 0
        m_CallState: 2
  RotateStopped:
    m_PersistentCalls:
      m_Calls:
      - m_Target: {fileID: 2605425680992591630}
        m_MethodName: PlayOneShot
        m_Mode: 2
        m_Arguments:
          m_ObjectArgument: {fileID: 8300000, guid: 9d90886bb6646244e852a0acb1de3a3b,
            type: 3}
          m_ObjectArgumentAssemblyTypeName: UnityEngine.AudioClip, UnityEngine
          m_IntArgument: 0
          m_FloatArgument: 0
          m_StringArgument: 
          m_BoolArgument: 0
        m_CallState: 2
  ScaleStarted:
    m_PersistentCalls:
      m_Calls:
      - m_Target: {fileID: 2605425680992591630}
        m_MethodName: PlayOneShot
        m_Mode: 2
        m_Arguments:
          m_ObjectArgument: {fileID: 8300000, guid: bdc1f15a0c976854780adcd7e56cfb3e,
            type: 3}
          m_ObjectArgumentAssemblyTypeName: UnityEngine.AudioClip, UnityEngine
          m_IntArgument: 0
          m_FloatArgument: 0
          m_StringArgument: 
          m_BoolArgument: 0
        m_CallState: 2
  ScaleStopped:
    m_PersistentCalls:
      m_Calls:
      - m_Target: {fileID: 2605425680992591630}
        m_MethodName: PlayOneShot
        m_Mode: 2
        m_Arguments:
          m_ObjectArgument: {fileID: 8300000, guid: 23a78d131feb8774ebe5dd1ea221933e,
            type: 3}
          m_ObjectArgumentAssemblyTypeName: UnityEngine.AudioClip, UnityEngine
          m_IntArgument: 0
          m_FloatArgument: 0
          m_StringArgument: 
          m_BoolArgument: 0
        m_CallState: 2
--- !u!114 &8848031758773879052
MonoBehaviour:
  m_ObjectHideFlags: 0
  m_CorrespondingSourceObject: {fileID: 0}
  m_PrefabInstance: {fileID: 0}
  m_PrefabAsset: {fileID: 0}
  m_GameObject: {fileID: 617059399527151029}
  m_Enabled: 1
  m_EditorHideFlags: 0
  m_Script: {fileID: 11500000, guid: 03daa81ea5f685f4ebf6e32038d058ca, type: 3}
  m_Name: 
  m_EditorClassIdentifier: 
  hostTransform: {fileID: 6754622133176192305}
  manipulationType: 2
  twoHandedManipulationType: 5
  allowFarManipulation: 1
  oneHandRotationModeNear: 5
  oneHandRotationModeFar: 5
  releaseBehavior: 3
  constraintOnRotation: 2
  constraintOnMovement: 0
  smoothingActive: 1
  smoothingAmountOneHandManip: 0.001
  OnManipulationStarted:
    m_PersistentCalls:
      m_Calls:
      - m_Target: {fileID: 2605425680992591630}
        m_MethodName: PlayOneShot
        m_Mode: 2
        m_Arguments:
          m_ObjectArgument: {fileID: 8300000, guid: 72d90092d0f1a734eb1cfcf71b8fa2e4,
            type: 3}
          m_ObjectArgumentAssemblyTypeName: UnityEngine.AudioClip, UnityEngine
          m_IntArgument: 0
          m_FloatArgument: 0
          m_StringArgument: 
          m_BoolArgument: 0
        m_CallState: 2
      - m_Target: {fileID: 9076160026114636329}
        m_MethodName: HighlightWires
        m_Mode: 1
        m_Arguments:
          m_ObjectArgument: {fileID: 0}
          m_ObjectArgumentAssemblyTypeName: UnityEngine.Object, UnityEngine
          m_IntArgument: 0
          m_FloatArgument: 0
          m_StringArgument: 
          m_BoolArgument: 0
        m_CallState: 2
  OnManipulationEnded:
    m_PersistentCalls:
      m_Calls:
      - m_Target: {fileID: 2605425680992591630}
        m_MethodName: PlayOneShot
        m_Mode: 2
        m_Arguments:
          m_ObjectArgument: {fileID: 8300000, guid: ec33d8a6027c1574390812966f8aef94,
            type: 3}
          m_ObjectArgumentAssemblyTypeName: UnityEngine.AudioClip, UnityEngine
          m_IntArgument: 0
          m_FloatArgument: 0
          m_StringArgument: 
          m_BoolArgument: 0
        m_CallState: 2
      - m_Target: {fileID: 9076160026114636329}
        m_MethodName: UnhighlightWires
        m_Mode: 1
        m_Arguments:
          m_ObjectArgument: {fileID: 0}
          m_ObjectArgumentAssemblyTypeName: UnityEngine.Object, UnityEngine
          m_IntArgument: 0
          m_FloatArgument: 0
          m_StringArgument: 
          m_BoolArgument: 0
        m_CallState: 2
  OnHoverEntered:
    m_PersistentCalls:
      m_Calls: []
  OnHoverExited:
    m_PersistentCalls:
      m_Calls: []
--- !u!114 &8690784443648260627
MonoBehaviour:
  m_ObjectHideFlags: 0
  m_CorrespondingSourceObject: {fileID: 0}
  m_PrefabInstance: {fileID: 0}
  m_PrefabAsset: {fileID: 0}
  m_GameObject: {fileID: 617059399527151029}
  m_Enabled: 1
  m_EditorHideFlags: 0
  m_Script: {fileID: 11500000, guid: 820f94d57893bf843a0cd6d93313fe6d, type: 3}
  m_Name: 
  m_EditorClassIdentifier: 
  targetTransform: {fileID: 6754622133176192305}
  scaleMinimum: 0.2
  scaleMaximum: 2
  relativeToInitialState: 1
--- !u!82 &2605425680992591630
AudioSource:
  m_ObjectHideFlags: 0
  m_CorrespondingSourceObject: {fileID: 0}
  m_PrefabInstance: {fileID: 0}
  m_PrefabAsset: {fileID: 0}
  m_GameObject: {fileID: 617059399527151029}
  m_Enabled: 1
  serializedVersion: 4
  OutputAudioMixerGroup: {fileID: 0}
  m_audioClip: {fileID: 0}
  m_PlayOnAwake: 1
  m_Volume: 1
  m_Pitch: 1
  Loop: 0
  Mute: 0
  Spatialize: 0
  SpatializePostEffects: 0
  Priority: 128
  DopplerLevel: 1
  MinDistance: 1
  MaxDistance: 500
  Pan2D: 0
  rolloffMode: 0
  BypassEffects: 0
  BypassListenerEffects: 0
  BypassReverbZones: 0
  rolloffCustomCurve:
    serializedVersion: 2
    m_Curve:
    - serializedVersion: 3
      time: 0
      value: 1
      inSlope: 0
      outSlope: 0
      tangentMode: 0
      weightedMode: 0
      inWeight: 0.33333334
      outWeight: 0.33333334
    - serializedVersion: 3
      time: 1
      value: 0
      inSlope: 0
      outSlope: 0
      tangentMode: 0
      weightedMode: 0
      inWeight: 0.33333334
      outWeight: 0.33333334
    m_PreInfinity: 2
    m_PostInfinity: 2
    m_RotationOrder: 4
  panLevelCustomCurve:
    serializedVersion: 2
    m_Curve:
    - serializedVersion: 3
      time: 0
      value: 0
      inSlope: 0
      outSlope: 0
      tangentMode: 0
      weightedMode: 0
      inWeight: 0.33333334
      outWeight: 0.33333334
    m_PreInfinity: 2
    m_PostInfinity: 2
    m_RotationOrder: 4
  spreadCustomCurve:
    serializedVersion: 2
    m_Curve:
    - serializedVersion: 3
      time: 0
      value: 0
      inSlope: 0
      outSlope: 0
      tangentMode: 0
      weightedMode: 0
      inWeight: 0.33333334
      outWeight: 0.33333334
    m_PreInfinity: 2
    m_PostInfinity: 2
    m_RotationOrder: 4
  reverbZoneMixCustomCurve:
    serializedVersion: 2
    m_Curve:
    - serializedVersion: 3
      time: 0
      value: 1
      inSlope: 0
      outSlope: 0
      tangentMode: 0
      weightedMode: 0
      inWeight: 0.33333334
      outWeight: 0.33333334
    m_PreInfinity: 2
    m_PostInfinity: 2
    m_RotationOrder: 4
--- !u!1 &1838023462747898833
GameObject:
  m_ObjectHideFlags: 0
  m_CorrespondingSourceObject: {fileID: 0}
  m_PrefabInstance: {fileID: 0}
  m_PrefabAsset: {fileID: 0}
  serializedVersion: 6
  m_Component:
  - component: {fileID: 6142623137354371369}
  m_Layer: 0
  m_Name: APPBAR
  m_TagString: Untagged
  m_Icon: {fileID: 0}
  m_NavMeshLayer: 0
  m_StaticEditorFlags: 0
  m_IsActive: 1
--- !u!4 &6142623137354371369
Transform:
  m_ObjectHideFlags: 0
  m_CorrespondingSourceObject: {fileID: 0}
  m_PrefabInstance: {fileID: 0}
  m_PrefabAsset: {fileID: 0}
  m_GameObject: {fileID: 1838023462747898833}
  m_LocalRotation: {x: 0, y: 0, z: 0, w: 1}
  m_LocalPosition: {x: 0, y: 0, z: 0}
  m_LocalScale: {x: 0.1, y: 0.1, z: 0.1}
  m_Children:
  - {fileID: 5315903961645888102}
  - {fileID: 4263356057695733887}
  - {fileID: 6754622133176192305}
  m_Father: {fileID: 0}
  m_RootOrder: 0
  m_LocalEulerAnglesHint: {x: 0, y: 0, z: 0}
--- !u!1 &4161491950136200826
GameObject:
  m_ObjectHideFlags: 0
  m_CorrespondingSourceObject: {fileID: 0}
  m_PrefabInstance: {fileID: 0}
  m_PrefabAsset: {fileID: 0}
  serializedVersion: 6
  m_Component:
  - component: {fileID: 4849804900378517359}
  - component: {fileID: 7282714300623069864}
  - component: {fileID: 5822383459245467589}
  - component: {fileID: 5906889610580011783}
  - component: {fileID: 7577573062026772574}
  m_Layer: 0
  m_Name: Text
  m_TagString: Untagged
  m_Icon: {fileID: 0}
  m_NavMeshLayer: 0
  m_StaticEditorFlags: 0
  m_IsActive: 1
--- !u!224 &4849804900378517359
RectTransform:
  m_ObjectHideFlags: 0
  m_CorrespondingSourceObject: {fileID: 0}
  m_PrefabInstance: {fileID: 0}
  m_PrefabAsset: {fileID: 0}
  m_GameObject: {fileID: 4161491950136200826}
  m_LocalRotation: {x: 0, y: 0, z: 0, w: 1}
  m_LocalPosition: {x: 0, y: 0, z: -0.931}
  m_LocalScale: {x: 0.024423249, y: 0.02442325, z: 0.024423242}
  m_Children: []
  m_Father: {fileID: 6754622133176192305}
  m_RootOrder: 1
  m_LocalEulerAnglesHint: {x: 0, y: 0, z: 0}
  m_AnchorMin: {x: 0.5, y: 0.5}
  m_AnchorMax: {x: 0.5, y: 0.5}
  m_AnchoredPosition: {x: 0.052, y: -0.63474846}
  m_SizeDelta: {x: 60, y: 5}
  m_Pivot: {x: 0.5, y: 0.5}
--- !u!23 &7282714300623069864
MeshRenderer:
  m_ObjectHideFlags: 0
  m_CorrespondingSourceObject: {fileID: 0}
  m_PrefabInstance: {fileID: 0}
  m_PrefabAsset: {fileID: 0}
  m_GameObject: {fileID: 4161491950136200826}
  m_Enabled: 1
  m_CastShadows: 0
  m_ReceiveShadows: 0
  m_DynamicOccludee: 1
  m_MotionVectors: 1
  m_LightProbeUsage: 1
  m_ReflectionProbeUsage: 1
  m_RenderingLayerMask: 4294967295
  m_RendererPriority: 0
  m_Materials:
  - {fileID: 21202819797275496, guid: 6a84f857bec7e7345843ae29404c57ce, type: 2}
  m_StaticBatchInfo:
    firstSubMesh: 0
    subMeshCount: 0
  m_StaticBatchRoot: {fileID: 0}
  m_ProbeAnchor: {fileID: 0}
  m_LightProbeVolumeOverride: {fileID: 0}
  m_ScaleInLightmap: 1
  m_PreserveUVs: 0
  m_IgnoreNormalsForChartDetection: 0
  m_ImportantGI: 0
  m_StitchLightmapSeams: 0
  m_SelectedEditorRenderState: 3
  m_MinimumChartSize: 4
  m_AutoUVMaxDistance: 0.5
  m_AutoUVMaxAngle: 89
  m_LightmapParameters: {fileID: 0}
  m_SortingLayerID: 0
  m_SortingLayer: 0
  m_SortingOrder: 0
--- !u!33 &5822383459245467589
MeshFilter:
  m_ObjectHideFlags: 0
  m_CorrespondingSourceObject: {fileID: 0}
  m_PrefabInstance: {fileID: 0}
  m_PrefabAsset: {fileID: 0}
  m_GameObject: {fileID: 4161491950136200826}
  m_Mesh: {fileID: 0}
--- !u!222 &5906889610580011783
CanvasRenderer:
  m_ObjectHideFlags: 0
  m_CorrespondingSourceObject: {fileID: 0}
  m_PrefabInstance: {fileID: 0}
  m_PrefabAsset: {fileID: 0}
  m_GameObject: {fileID: 4161491950136200826}
  m_CullTransparentMesh: 0
--- !u!114 &7577573062026772574
MonoBehaviour:
  m_ObjectHideFlags: 0
  m_CorrespondingSourceObject: {fileID: 0}
  m_PrefabInstance: {fileID: 0}
  m_PrefabAsset: {fileID: 0}
  m_GameObject: {fileID: 4161491950136200826}
  m_Enabled: 1
  m_EditorHideFlags: 0
  m_Script: {fileID: 11500000, guid: 9541d86e2fd84c1d9990edf0852d74ab, type: 3}
  m_Name: 
  m_EditorClassIdentifier: 
  m_Material: {fileID: 0}
  m_Color: {r: 1, g: 1, b: 1, a: 1}
  m_RaycastTarget: 1
  m_OnCullStateChanged:
    m_PersistentCalls:
      m_Calls: []
  m_text: Explicit Adjust Mode with AppBar
  m_isRightToLeft: 0
  m_fontAsset: {fileID: 11400000, guid: 6a84f857bec7e7345843ae29404c57ce, type: 2}
  m_sharedMaterial: {fileID: 21202819797275496, guid: 6a84f857bec7e7345843ae29404c57ce,
    type: 2}
  m_fontSharedMaterials: []
  m_fontMaterial: {fileID: 0}
  m_fontMaterials: []
  m_fontColor32:
    serializedVersion: 2
    rgba: 4294967295
  m_fontColor: {r: 1, g: 1, b: 1, a: 1}
  m_enableVertexGradient: 0
  m_colorMode: 3
  m_fontColorGradient:
    topLeft: {r: 1, g: 1, b: 1, a: 1}
    topRight: {r: 1, g: 1, b: 1, a: 1}
    bottomLeft: {r: 1, g: 1, b: 1, a: 1}
    bottomRight: {r: 1, g: 1, b: 1, a: 1}
  m_fontColorGradientPreset: {fileID: 0}
  m_spriteAsset: {fileID: 0}
  m_tintAllSprites: 0
  m_overrideHtmlColors: 0
  m_faceColor:
    serializedVersion: 2
    rgba: 4294967295
  m_outlineColor:
    serializedVersion: 2
    rgba: 4278190080
  m_fontSize: 36
  m_fontSizeBase: 36
  m_fontWeight: 400
  m_enableAutoSizing: 0
  m_fontSizeMin: 18
  m_fontSizeMax: 72
  m_fontStyle: 0
  m_textAlignment: 257
  m_characterSpacing: 0
  m_wordSpacing: 0
  m_lineSpacing: 1
  m_lineSpacingMax: 0
  m_paragraphSpacing: 0
  m_charWidthMaxAdj: 0
  m_enableWordWrapping: 1
  m_wordWrappingRatios: 0.4
  m_overflowMode: 0
  m_firstOverflowCharacterIndex: -1
  m_linkedTextComponent: {fileID: 0}
  m_isLinkedTextComponent: 0
  m_isTextTruncated: 0
  m_enableKerning: 1
  m_enableExtraPadding: 0
  checkPaddingRequired: 0
  m_isRichText: 1
  m_parseCtrlCharacters: 1
  m_isOrthographic: 0
  m_isCullingEnabled: 0
  m_ignoreRectMaskCulling: 0
  m_ignoreCulling: 1
  m_horizontalMapping: 0
  m_verticalMapping: 0
  m_uvLineOffset: 0
  m_geometrySortingOrder: 0
  m_VertexBufferAutoSizeReduction: 1
  m_firstVisibleCharacter: 0
  m_useMaxVisibleDescender: 1
  m_pageToDisplay: 1
  m_margin: {x: 0, y: 0, z: -8.3720045, w: 0}
  m_textInfo:
    textComponent: {fileID: 7577573062026772574}
    characterCount: 32
    spriteCount: 0
    spaceCount: 4
    wordCount: 5
    linkCount: 0
    lineCount: 1
    pageCount: 1
    materialCount: 1
  m_isUsingLegacyAnimationComponent: 0
  m_isVolumetricText: 0
  m_spriteAnimator: {fileID: 0}
  m_hasFontAssetChanged: 0
  m_renderer: {fileID: 7282714300623069864}
  m_subTextObjects:
  - {fileID: 0}
  - {fileID: 0}
  - {fileID: 0}
  - {fileID: 0}
  - {fileID: 0}
  - {fileID: 0}
  - {fileID: 0}
  - {fileID: 0}
  m_maskType: 0
--- !u!1 &4587437023553939538
GameObject:
  m_ObjectHideFlags: 0
  m_CorrespondingSourceObject: {fileID: 0}
  m_PrefabInstance: {fileID: 0}
  m_PrefabAsset: {fileID: 0}
  serializedVersion: 6
  m_Component:
  - component: {fileID: 6438316656881266005}
  - component: {fileID: 6966938092690122315}
  - component: {fileID: 3245795922552019644}
  - component: {fileID: 1747376574908218802}
  - component: {fileID: 543766003300751751}
  m_Layer: 0
  m_Name: Text (4)
  m_TagString: Untagged
  m_Icon: {fileID: 0}
  m_NavMeshLayer: 0
  m_StaticEditorFlags: 0
  m_IsActive: 1
--- !u!224 &6438316656881266005
RectTransform:
  m_ObjectHideFlags: 0
  m_CorrespondingSourceObject: {fileID: 0}
  m_PrefabInstance: {fileID: 0}
  m_PrefabAsset: {fileID: 0}
  m_GameObject: {fileID: 4587437023553939538}
  m_LocalRotation: {x: -0, y: 0.000000059604638, z: -0, w: 1}
  m_LocalPosition: {x: 0, y: 0, z: -0.94400084}
  m_LocalScale: {x: 0.022574062, y: 0.022574062, z: 0.022574052}
  m_Children: []
  m_Father: {fileID: 6754622133176192305}
  m_RootOrder: 0
  m_LocalEulerAnglesHint: {x: 0, y: 0, z: 0}
  m_AnchorMin: {x: 0.5, y: 0.5}
  m_AnchorMax: {x: 0.5, y: 0.5}
  m_AnchoredPosition: {x: -0.00899988, y: -0.44399983}
  m_SizeDelta: {x: 60, y: 5}
  m_Pivot: {x: 0.5, y: 0.5}
--- !u!23 &6966938092690122315
MeshRenderer:
  m_ObjectHideFlags: 0
  m_CorrespondingSourceObject: {fileID: 0}
  m_PrefabInstance: {fileID: 0}
  m_PrefabAsset: {fileID: 0}
  m_GameObject: {fileID: 4587437023553939538}
  m_Enabled: 1
  m_CastShadows: 0
  m_ReceiveShadows: 0
  m_DynamicOccludee: 1
  m_MotionVectors: 1
  m_LightProbeUsage: 1
  m_ReflectionProbeUsage: 1
  m_RenderingLayerMask: 4294967295
  m_RendererPriority: 0
  m_Materials:
  - {fileID: 21340371490990018, guid: afc8299d5d5bbd440a0616c8ecbc7217, type: 2}
  m_StaticBatchInfo:
    firstSubMesh: 0
    subMeshCount: 0
  m_StaticBatchRoot: {fileID: 0}
  m_ProbeAnchor: {fileID: 0}
  m_LightProbeVolumeOverride: {fileID: 0}
  m_ScaleInLightmap: 1
  m_PreserveUVs: 0
  m_IgnoreNormalsForChartDetection: 0
  m_ImportantGI: 0
  m_StitchLightmapSeams: 0
  m_SelectedEditorRenderState: 3
  m_MinimumChartSize: 4
  m_AutoUVMaxDistance: 0.5
  m_AutoUVMaxAngle: 89
  m_LightmapParameters: {fileID: 0}
  m_SortingLayerID: 0
  m_SortingLayer: 0
  m_SortingOrder: 0
--- !u!33 &3245795922552019644
MeshFilter:
  m_ObjectHideFlags: 0
  m_CorrespondingSourceObject: {fileID: 0}
  m_PrefabInstance: {fileID: 0}
  m_PrefabAsset: {fileID: 0}
  m_GameObject: {fileID: 4587437023553939538}
  m_Mesh: {fileID: 0}
--- !u!222 &1747376574908218802
CanvasRenderer:
  m_ObjectHideFlags: 0
  m_CorrespondingSourceObject: {fileID: 0}
  m_PrefabInstance: {fileID: 0}
  m_PrefabAsset: {fileID: 0}
  m_GameObject: {fileID: 4587437023553939538}
  m_CullTransparentMesh: 0
--- !u!114 &543766003300751751
MonoBehaviour:
  m_ObjectHideFlags: 0
  m_CorrespondingSourceObject: {fileID: 0}
  m_PrefabInstance: {fileID: 0}
  m_PrefabAsset: {fileID: 0}
  m_GameObject: {fileID: 4587437023553939538}
  m_Enabled: 1
  m_EditorHideFlags: 0
  m_Script: {fileID: 11500000, guid: 9541d86e2fd84c1d9990edf0852d74ab, type: 3}
  m_Name: 
  m_EditorClassIdentifier: 
  m_Material: {fileID: 0}
  m_Color: {r: 1, g: 1, b: 1, a: 1}
  m_RaycastTarget: 1
  m_OnCullStateChanged:
    m_PersistentCalls:
      m_Calls: []
  m_text: HoloLens 1 Style
  m_isRightToLeft: 0
  m_fontAsset: {fileID: 11400000, guid: afc8299d5d5bbd440a0616c8ecbc7217, type: 2}
  m_sharedMaterial: {fileID: 21340371490990018, guid: afc8299d5d5bbd440a0616c8ecbc7217,
    type: 2}
  m_fontSharedMaterials: []
  m_fontMaterial: {fileID: 0}
  m_fontMaterials: []
  m_fontColor32:
    serializedVersion: 2
    rgba: 4294967295
  m_fontColor: {r: 1, g: 1, b: 1, a: 1}
  m_enableVertexGradient: 0
  m_colorMode: 3
  m_fontColorGradient:
    topLeft: {r: 1, g: 1, b: 1, a: 1}
    topRight: {r: 1, g: 1, b: 1, a: 1}
    bottomLeft: {r: 1, g: 1, b: 1, a: 1}
    bottomRight: {r: 1, g: 1, b: 1, a: 1}
  m_fontColorGradientPreset: {fileID: 0}
  m_spriteAsset: {fileID: 0}
  m_tintAllSprites: 0
  m_overrideHtmlColors: 0
  m_faceColor:
    serializedVersion: 2
    rgba: 4294967295
  m_outlineColor:
    serializedVersion: 2
    rgba: 4278190080
  m_fontSize: 65
  m_fontSizeBase: 65
  m_fontWeight: 400
  m_enableAutoSizing: 0
  m_fontSizeMin: 18
  m_fontSizeMax: 72
  m_fontStyle: 1
  m_textAlignment: 257
  m_characterSpacing: 0
  m_wordSpacing: 0
  m_lineSpacing: 1
  m_lineSpacingMax: 0
  m_paragraphSpacing: 0
  m_charWidthMaxAdj: 0
  m_enableWordWrapping: 1
  m_wordWrappingRatios: 0.4
  m_overflowMode: 0
  m_firstOverflowCharacterIndex: 0
  m_linkedTextComponent: {fileID: 0}
  m_isLinkedTextComponent: 0
  m_isTextTruncated: 0
  m_enableKerning: 1
  m_enableExtraPadding: 0
  checkPaddingRequired: 0
  m_isRichText: 1
  m_parseCtrlCharacters: 1
  m_isOrthographic: 0
  m_isCullingEnabled: 0
  m_ignoreRectMaskCulling: 0
  m_ignoreCulling: 1
  m_horizontalMapping: 0
  m_verticalMapping: 0
  m_uvLineOffset: 0
  m_geometrySortingOrder: 0
  m_VertexBufferAutoSizeReduction: 1
  m_firstVisibleCharacter: 0
  m_useMaxVisibleDescender: 1
  m_pageToDisplay: 1
  m_margin: {x: 0, y: 0, z: 0, w: 0}
  m_textInfo:
    textComponent: {fileID: 543766003300751751}
    characterCount: 16
    spriteCount: 0
    spaceCount: 2
    wordCount: 3
    linkCount: 0
    lineCount: 1
    pageCount: 1
    materialCount: 1
  m_isUsingLegacyAnimationComponent: 0
  m_isVolumetricText: 0
  m_spriteAnimator: {fileID: 0}
  m_hasFontAssetChanged: 0
  m_renderer: {fileID: 6966938092690122315}
  m_subTextObjects:
  - {fileID: 0}
  - {fileID: 0}
  - {fileID: 0}
  - {fileID: 0}
  - {fileID: 0}
  - {fileID: 0}
  - {fileID: 0}
  - {fileID: 0}
  m_maskType: 0
--- !u!1001 &2444333333573473297
PrefabInstance:
  m_ObjectHideFlags: 0
  serializedVersion: 2
  m_Modification:
    m_TransformParent: {fileID: 6142623137354371369}
    m_Modifications:
    - target: {fileID: 3482945283796034087, guid: eeec6274bfb38344ea49909a48b3e6bf,
        type: 3}
      propertyPath: m_Name
      value: PhotoSphere
      objectReference: {fileID: 0}
    - target: {fileID: 1929369713905622126, guid: eeec6274bfb38344ea49909a48b3e6bf,
        type: 3}
      propertyPath: m_LocalPosition.x
      value: 0
      objectReference: {fileID: 0}
    - target: {fileID: 1929369713905622126, guid: eeec6274bfb38344ea49909a48b3e6bf,
        type: 3}
      propertyPath: m_LocalPosition.y
      value: 0
      objectReference: {fileID: 0}
    - target: {fileID: 1929369713905622126, guid: eeec6274bfb38344ea49909a48b3e6bf,
        type: 3}
      propertyPath: m_LocalPosition.z
      value: 0
      objectReference: {fileID: 0}
    - target: {fileID: 1929369713905622126, guid: eeec6274bfb38344ea49909a48b3e6bf,
        type: 3}
      propertyPath: m_LocalRotation.x
      value: -0
      objectReference: {fileID: 0}
    - target: {fileID: 1929369713905622126, guid: eeec6274bfb38344ea49909a48b3e6bf,
        type: 3}
      propertyPath: m_LocalRotation.y
      value: -0
      objectReference: {fileID: 0}
    - target: {fileID: 1929369713905622126, guid: eeec6274bfb38344ea49909a48b3e6bf,
        type: 3}
      propertyPath: m_LocalRotation.z
      value: -0
      objectReference: {fileID: 0}
    - target: {fileID: 1929369713905622126, guid: eeec6274bfb38344ea49909a48b3e6bf,
        type: 3}
      propertyPath: m_LocalRotation.w
      value: 1
      objectReference: {fileID: 0}
    - target: {fileID: 1929369713905622126, guid: eeec6274bfb38344ea49909a48b3e6bf,
        type: 3}
      propertyPath: m_RootOrder
      value: 1
      objectReference: {fileID: 0}
    - target: {fileID: 1929369713905622126, guid: eeec6274bfb38344ea49909a48b3e6bf,
        type: 3}
      propertyPath: m_LocalEulerAnglesHint.x
      value: 0
      objectReference: {fileID: 0}
    - target: {fileID: 1929369713905622126, guid: eeec6274bfb38344ea49909a48b3e6bf,
        type: 3}
      propertyPath: m_LocalEulerAnglesHint.y
      value: 0
      objectReference: {fileID: 0}
    - target: {fileID: 1929369713905622126, guid: eeec6274bfb38344ea49909a48b3e6bf,
        type: 3}
      propertyPath: m_LocalEulerAnglesHint.z
      value: 0
      objectReference: {fileID: 0}
    - target: {fileID: 1929369713905622126, guid: eeec6274bfb38344ea49909a48b3e6bf,
        type: 3}
      propertyPath: m_LocalScale.x
      value: 0.75
      objectReference: {fileID: 0}
    - target: {fileID: 1929369713905622126, guid: eeec6274bfb38344ea49909a48b3e6bf,
        type: 3}
      propertyPath: m_LocalScale.y
      value: 0.75
      objectReference: {fileID: 0}
    - target: {fileID: 1929369713905622126, guid: eeec6274bfb38344ea49909a48b3e6bf,
        type: 3}
      propertyPath: m_LocalScale.z
      value: 0.75
      objectReference: {fileID: 0}
    - target: {fileID: 6923353693200594038, guid: eeec6274bfb38344ea49909a48b3e6bf,
        type: 3}
      propertyPath: m_IsActive
      value: 1
      objectReference: {fileID: 0}
    - target: {fileID: 8471146935469389204, guid: eeec6274bfb38344ea49909a48b3e6bf,
        type: 3}
      propertyPath: scaleMinimum
      value: 0.75
      objectReference: {fileID: 0}
    - target: {fileID: 8471146935469389204, guid: eeec6274bfb38344ea49909a48b3e6bf,
        type: 3}
      propertyPath: scaleMaximum
      value: 0.75
      objectReference: {fileID: 0}
    m_RemovedComponents: []
  m_SourcePrefab: {fileID: 100100000, guid: eeec6274bfb38344ea49909a48b3e6bf, type: 3}
--- !u!4 &4263356057695733887 stripped
Transform:
  m_CorrespondingSourceObject: {fileID: 1929369713905622126, guid: eeec6274bfb38344ea49909a48b3e6bf,
    type: 3}
  m_PrefabInstance: {fileID: 2444333333573473297}
  m_PrefabAsset: {fileID: 0}
--- !u!114 &6080857261415178629 stripped
MonoBehaviour:
  m_CorrespondingSourceObject: {fileID: 8471146935469389204, guid: eeec6274bfb38344ea49909a48b3e6bf,
    type: 3}
  m_PrefabInstance: {fileID: 2444333333573473297}
  m_PrefabAsset: {fileID: 0}
  m_GameObject: {fileID: 0}
  m_Enabled: 1
  m_EditorHideFlags: 0
  m_Script: {fileID: 11500000, guid: 23f9be7a3cb53794ead8b55e784b65aa, type: 3}
  m_Name: 
  m_EditorClassIdentifier: 
--- !u!1001 &5320184868377713290
PrefabInstance:
  m_ObjectHideFlags: 0
  serializedVersion: 2
  m_Modification:
    m_TransformParent: {fileID: 6142623137354371369}
    m_Modifications:
    - target: {fileID: 1275815092924048, guid: 83c02591e2867124181bcd3bcb65e288, type: 3}
      propertyPath: m_Name
      value: AppBar
      objectReference: {fileID: 0}
    - target: {fileID: 4773597359991020, guid: 83c02591e2867124181bcd3bcb65e288, type: 3}
      propertyPath: m_LocalPosition.x
      value: -0
      objectReference: {fileID: 0}
    - target: {fileID: 4773597359991020, guid: 83c02591e2867124181bcd3bcb65e288, type: 3}
      propertyPath: m_LocalPosition.y
      value: -0.1499
      objectReference: {fileID: 0}
    - target: {fileID: 4773597359991020, guid: 83c02591e2867124181bcd3bcb65e288, type: 3}
      propertyPath: m_LocalPosition.z
      value: -0.1855
      objectReference: {fileID: 0}
    - target: {fileID: 4773597359991020, guid: 83c02591e2867124181bcd3bcb65e288, type: 3}
      propertyPath: m_LocalRotation.x
      value: 0
      objectReference: {fileID: 0}
    - target: {fileID: 4773597359991020, guid: 83c02591e2867124181bcd3bcb65e288, type: 3}
      propertyPath: m_LocalRotation.y
      value: 0
      objectReference: {fileID: 0}
    - target: {fileID: 4773597359991020, guid: 83c02591e2867124181bcd3bcb65e288, type: 3}
      propertyPath: m_LocalRotation.z
      value: 0
      objectReference: {fileID: 0}
    - target: {fileID: 4773597359991020, guid: 83c02591e2867124181bcd3bcb65e288, type: 3}
      propertyPath: m_LocalRotation.w
      value: 1
      objectReference: {fileID: 0}
    - target: {fileID: 4773597359991020, guid: 83c02591e2867124181bcd3bcb65e288, type: 3}
      propertyPath: m_RootOrder
      value: 0
      objectReference: {fileID: 0}
    - target: {fileID: 4773597359991020, guid: 83c02591e2867124181bcd3bcb65e288, type: 3}
      propertyPath: m_LocalEulerAnglesHint.x
      value: 0
      objectReference: {fileID: 0}
    - target: {fileID: 4773597359991020, guid: 83c02591e2867124181bcd3bcb65e288, type: 3}
      propertyPath: m_LocalEulerAnglesHint.y
      value: 0
      objectReference: {fileID: 0}
    - target: {fileID: 4773597359991020, guid: 83c02591e2867124181bcd3bcb65e288, type: 3}
      propertyPath: m_LocalEulerAnglesHint.z
      value: 0
      objectReference: {fileID: 0}
    - target: {fileID: 4773597359991020, guid: 83c02591e2867124181bcd3bcb65e288, type: 3}
      propertyPath: m_LocalScale.x
      value: 1.5
      objectReference: {fileID: 0}
    - target: {fileID: 4773597359991020, guid: 83c02591e2867124181bcd3bcb65e288, type: 3}
      propertyPath: m_LocalScale.y
      value: 1.5
      objectReference: {fileID: 0}
    - target: {fileID: 4773597359991020, guid: 83c02591e2867124181bcd3bcb65e288, type: 3}
      propertyPath: m_LocalScale.z
      value: 1.5
      objectReference: {fileID: 0}
    - target: {fileID: 114050950401502068, guid: 83c02591e2867124181bcd3bcb65e288,
        type: 3}
      propertyPath: boundingBox
      value: 
      objectReference: {fileID: 6080857261415178629}
    - target: {fileID: 114050950401502068, guid: 83c02591e2867124181bcd3bcb65e288,
        type: 3}
      propertyPath: state
      value: 1
      objectReference: {fileID: 0}
    - target: {fileID: 114050950401502068, guid: 83c02591e2867124181bcd3bcb65e288,
        type: 3}
      propertyPath: useHide
      value: 0
      objectReference: {fileID: 0}
    - target: {fileID: 3260291377988447965, guid: 83c02591e2867124181bcd3bcb65e288,
        type: 3}
      propertyPath: m_Name
      value: Place
      objectReference: {fileID: 0}
    m_RemovedComponents: []
  m_SourcePrefab: {fileID: 100100000, guid: 83c02591e2867124181bcd3bcb65e288, type: 3}
--- !u!4 &5315903961645888102 stripped
Transform:
  m_CorrespondingSourceObject: {fileID: 4773597359991020, guid: 83c02591e2867124181bcd3bcb65e288,
    type: 3}
  m_PrefabInstance: {fileID: 5320184868377713290}
  m_PrefabAsset: {fileID: 0}
